@book{book,
author = {Hairer, Ernst and Norsett, Syvert and Wanner, Gerhard},
year = {1993},
month = {01},
pages = {},
title = {Solving Ordinary Differential Equations I: Nonstiff Problems},
volume = {8},
isbn = {978-3-540-56670-0},
doi = {10.1007/978-3-540-78862-1}
}