@book{book,
author = {Hairer, Ernst and Wanner, Gerhard},
year = {1996},
month = {01},
pages = {},
title = {Solving Ordinary Differential Equations II. Stiff and Differential-Algebraic Problems},
volume = {14},
journal = {Springer Verlag Series in Comput. Math.},
doi = {10.1007/978-3-662-09947-6}
}