@article{article,
author = {Bácsi, Ádám and Kocsis, Albert},
year = {2023},
month = {01},
pages = {},
title = {Exactly Solvable Quadratic Differential Equation Systems Through Generalized Inversion},
volume = {22},
journal = {Qualitative Theory of Dynamical Systems},
doi = {10.1007/s12346-023-00738-7}
}